%YAML 1.1
%TAG !u! tag:unity3d.com,2011:
--- !u!1001 &100100000
Prefab:
  m_ObjectHideFlags: 1
  serializedVersion: 2
  m_Modification:
    m_TransformParent: {fileID: 0}
    m_Modifications: []
    m_RemovedComponents: []
  m_SourcePrefab: {fileID: 0}
  m_RootGameObject: {fileID: 1373805570595896}
  m_IsPrefabAsset: 1
--- !u!1 &1089880094569916
GameObject:
  m_ObjectHideFlags: 0
  m_CorrespondingSourceObject: {fileID: 0}
  m_PrefabInternal: {fileID: 100100000}
  serializedVersion: 6
  m_Component:
  - component: {fileID: 4528328462155894}
  - component: {fileID: 114093253119082304}
  m_Layer: 0
  m_Name: Fischpool4
  m_TagString: Untagged
  m_Icon: {fileID: 0}
  m_NavMeshLayer: 0
  m_StaticEditorFlags: 0
  m_IsActive: 0
--- !u!1 &1267215680068130
GameObject:
  m_ObjectHideFlags: 0
  m_CorrespondingSourceObject: {fileID: 0}
  m_PrefabInternal: {fileID: 100100000}
  serializedVersion: 6
  m_Component:
  - component: {fileID: 4503019546608142}
  - component: {fileID: 114705093078289294}
  - component: {fileID: 114156376022626714}
  m_Layer: 0
  m_Name: BulletPool
  m_TagString: Untagged
  m_Icon: {fileID: 0}
  m_NavMeshLayer: 0
  m_StaticEditorFlags: 0
  m_IsActive: 1
--- !u!1 &1373805570595896
GameObject:
  m_ObjectHideFlags: 0
  m_CorrespondingSourceObject: {fileID: 0}
  m_PrefabInternal: {fileID: 100100000}
  serializedVersion: 6
  m_Component:
  - component: {fileID: 4938072560784382}
  m_Layer: 0
  m_Name: WorldMangerWithPoolsAndLoot
  m_TagString: Untagged
  m_Icon: {fileID: 0}
  m_NavMeshLayer: 0
  m_StaticEditorFlags: 0
  m_IsActive: 1
--- !u!1 &1378436237577494
GameObject:
  m_ObjectHideFlags: 0
  m_CorrespondingSourceObject: {fileID: 0}
  m_PrefabInternal: {fileID: 100100000}
  serializedVersion: 6
  m_Component:
  - component: {fileID: 4555941373473626}
  - component: {fileID: 114410052376978748}
  m_Layer: 0
  m_Name: Fischpool1
  m_TagString: Untagged
  m_Icon: {fileID: 0}
  m_NavMeshLayer: 0
  m_StaticEditorFlags: 0
  m_IsActive: 1
--- !u!1 &1532673083526040
GameObject:
  m_ObjectHideFlags: 0
  m_CorrespondingSourceObject: {fileID: 0}
  m_PrefabInternal: {fileID: 100100000}
  serializedVersion: 6
  m_Component:
  - component: {fileID: 4712589143161316}
  - component: {fileID: 114185702636773618}
  m_Layer: 0
  m_Name: Boss1
  m_TagString: Untagged
  m_Icon: {fileID: 0}
  m_NavMeshLayer: 0
  m_StaticEditorFlags: 0
  m_IsActive: 1
--- !u!1 &1613390269298792
GameObject:
  m_ObjectHideFlags: 0
  m_CorrespondingSourceObject: {fileID: 0}
  m_PrefabInternal: {fileID: 100100000}
  serializedVersion: 6
  m_Component:
  - component: {fileID: 4462370511913564}
  - component: {fileID: 114530556057448018}
  m_Layer: 0
  m_Name: Fischpool3
  m_TagString: Untagged
  m_Icon: {fileID: 0}
  m_NavMeshLayer: 0
  m_StaticEditorFlags: 0
  m_IsActive: 1
--- !u!1 &1645601900428352
GameObject:
  m_ObjectHideFlags: 0
  m_CorrespondingSourceObject: {fileID: 0}
  m_PrefabInternal: {fileID: 100100000}
  serializedVersion: 6
  m_Component:
  - component: {fileID: 4725494743290178}
  - component: {fileID: 114205297353563882}
  - component: {fileID: 114327703998630480}
  m_Layer: 0
  m_Name: LootDropper
  m_TagString: Untagged
  m_Icon: {fileID: 0}
  m_NavMeshLayer: 0
  m_StaticEditorFlags: 0
  m_IsActive: 1
--- !u!1 &1743230844598910
GameObject:
  m_ObjectHideFlags: 0
  m_CorrespondingSourceObject: {fileID: 0}
  m_PrefabInternal: {fileID: 100100000}
  serializedVersion: 6
  m_Component:
  - component: {fileID: 4064769750208084}
  - component: {fileID: 114444540101329662}
  m_Layer: 0
  m_Name: Fischpool2
  m_TagString: Untagged
  m_Icon: {fileID: 0}
  m_NavMeshLayer: 0
  m_StaticEditorFlags: 0
  m_IsActive: 1
--- !u!4 &4064769750208084
Transform:
  m_ObjectHideFlags: 1
  m_CorrespondingSourceObject: {fileID: 0}
  m_PrefabInternal: {fileID: 100100000}
  m_GameObject: {fileID: 1743230844598910}
  m_LocalRotation: {x: -0, y: -0, z: -0, w: 1}
  m_LocalPosition: {x: 0, y: 0, z: 0}
  m_LocalScale: {x: 1, y: 1, z: 1}
  m_Children: []
  m_Father: {fileID: 4938072560784382}
  m_RootOrder: 1
  m_LocalEulerAnglesHint: {x: 0, y: 0, z: 0}
--- !u!4 &4462370511913564
Transform:
  m_ObjectHideFlags: 1
  m_CorrespondingSourceObject: {fileID: 0}
  m_PrefabInternal: {fileID: 100100000}
  m_GameObject: {fileID: 1613390269298792}
  m_LocalRotation: {x: -0, y: -0, z: -0, w: 1}
  m_LocalPosition: {x: 0, y: 0, z: 0}
  m_LocalScale: {x: 1, y: 1, z: 1}
  m_Children: []
  m_Father: {fileID: 4938072560784382}
  m_RootOrder: 2
  m_LocalEulerAnglesHint: {x: 0, y: 0, z: 0}
--- !u!4 &4503019546608142
Transform:
  m_ObjectHideFlags: 1
  m_CorrespondingSourceObject: {fileID: 0}
  m_PrefabInternal: {fileID: 100100000}
  m_GameObject: {fileID: 1267215680068130}
  m_LocalRotation: {x: 0, y: 0, z: 0, w: 1}
  m_LocalPosition: {x: 0, y: 0, z: 0}
  m_LocalScale: {x: 1, y: 1, z: 1}
  m_Children: []
  m_Father: {fileID: 4938072560784382}
  m_RootOrder: 6
  m_LocalEulerAnglesHint: {x: 0, y: 0, z: 0}
--- !u!4 &4528328462155894
Transform:
  m_ObjectHideFlags: 1
  m_CorrespondingSourceObject: {fileID: 0}
  m_PrefabInternal: {fileID: 100100000}
  m_GameObject: {fileID: 1089880094569916}
  m_LocalRotation: {x: -0, y: -0, z: -0, w: 1}
  m_LocalPosition: {x: 0, y: 0, z: 0}
  m_LocalScale: {x: 1, y: 1, z: 1}
  m_Children: []
  m_Father: {fileID: 4938072560784382}
  m_RootOrder: 3
  m_LocalEulerAnglesHint: {x: 0, y: 0, z: 0}
--- !u!4 &4555941373473626
Transform:
  m_ObjectHideFlags: 1
  m_CorrespondingSourceObject: {fileID: 0}
  m_PrefabInternal: {fileID: 100100000}
  m_GameObject: {fileID: 1378436237577494}
  m_LocalRotation: {x: 0, y: 0, z: 0, w: 1}
  m_LocalPosition: {x: 0, y: 0, z: 0}
  m_LocalScale: {x: 1, y: 1, z: 1}
  m_Children: []
  m_Father: {fileID: 4938072560784382}
  m_RootOrder: 0
  m_LocalEulerAnglesHint: {x: 0, y: 0, z: 0}
--- !u!4 &4712589143161316
Transform:
  m_ObjectHideFlags: 1
  m_CorrespondingSourceObject: {fileID: 0}
  m_PrefabInternal: {fileID: 100100000}
  m_GameObject: {fileID: 1532673083526040}
  m_LocalRotation: {x: -0, y: -0, z: -0, w: 1}
  m_LocalPosition: {x: 0, y: 0, z: 0}
  m_LocalScale: {x: 1, y: 1, z: 1}
  m_Children: []
  m_Father: {fileID: 4938072560784382}
  m_RootOrder: 4
  m_LocalEulerAnglesHint: {x: 0, y: 0, z: 0}
--- !u!4 &4725494743290178
Transform:
  m_ObjectHideFlags: 1
  m_CorrespondingSourceObject: {fileID: 0}
  m_PrefabInternal: {fileID: 100100000}
  m_GameObject: {fileID: 1645601900428352}
  m_LocalRotation: {x: 0, y: 0, z: 0, w: 1}
  m_LocalPosition: {x: 23.02, y: 1.312, z: -3.408}
  m_LocalScale: {x: 1, y: 1, z: 1}
  m_Children: []
  m_Father: {fileID: 4938072560784382}
  m_RootOrder: 5
  m_LocalEulerAnglesHint: {x: 0, y: 0, z: 0}
--- !u!4 &4938072560784382
Transform:
  m_ObjectHideFlags: 1
  m_CorrespondingSourceObject: {fileID: 0}
  m_PrefabInternal: {fileID: 100100000}
  m_GameObject: {fileID: 1373805570595896}
  m_LocalRotation: {x: 0, y: 0, z: 0, w: 1}
  m_LocalPosition: {x: -354.59, y: 0.5298668, z: 14.46}
  m_LocalScale: {x: 1, y: 1, z: 1}
  m_Children:
  - {fileID: 4555941373473626}
  - {fileID: 4064769750208084}
  - {fileID: 4462370511913564}
  - {fileID: 4528328462155894}
  - {fileID: 4712589143161316}
  - {fileID: 4725494743290178}
  - {fileID: 4503019546608142}
  m_Father: {fileID: 0}
  m_RootOrder: 0
  m_LocalEulerAnglesHint: {x: 0, y: 0, z: 0}
--- !u!114 &114093253119082304
MonoBehaviour:
  m_ObjectHideFlags: 1
  m_CorrespondingSourceObject: {fileID: 0}
  m_PrefabInternal: {fileID: 100100000}
  m_GameObject: {fileID: 1089880094569916}
  m_Enabled: 1
  m_EditorHideFlags: 0
  m_Script: {fileID: 11500000, guid: 3dd675693eaf9724aba84a0ab29323b8, type: 3}
  m_Name: 
  m_EditorClassIdentifier: 
  pooledObject: {fileID: 0}
  pooledAmount: 5
  willGrow: 0
--- !u!114 &114156376022626714
MonoBehaviour:
  m_ObjectHideFlags: 1
  m_CorrespondingSourceObject: {fileID: 0}
  m_PrefabInternal: {fileID: 100100000}
  m_GameObject: {fileID: 1267215680068130}
  m_Enabled: 1
  m_EditorHideFlags: 0
  m_Script: {fileID: 11500000, guid: 64cc9daf821c26c40a2c96eebe934e70, type: 3}
  m_Name: 
  m_EditorClassIdentifier: 
  pooledObject: {fileID: 1993191571540064, guid: c0be52460bf2ea74c87617d1b13a0ebb,
    type: 2}
  pooledAmount: 20
  willGrow: 0
  pooledObjects: []
--- !u!114 &114185702636773618
MonoBehaviour:
  m_ObjectHideFlags: 1
  m_CorrespondingSourceObject: {fileID: 0}
  m_PrefabInternal: {fileID: 100100000}
  m_GameObject: {fileID: 1532673083526040}
  m_Enabled: 1
  m_EditorHideFlags: 0
  m_Script: {fileID: 11500000, guid: c33da2cd6a1d0f54ab73434a8bf43840, type: 3}
  m_Name: 
  m_EditorClassIdentifier: 
  pooledObject: {fileID: 1260838221063996, guid: b1297c8d38beee241a9be4edfd57cfe0,
    type: 2}
  pooledAmount: 2
  willGrow: 1
--- !u!114 &114205297353563882
MonoBehaviour:
  m_ObjectHideFlags: 1
  m_CorrespondingSourceObject: {fileID: 0}
  m_PrefabInternal: {fileID: 100100000}
  m_GameObject: {fileID: 1645601900428352}
  m_Enabled: 1
  m_EditorHideFlags: 0
  m_Script: {fileID: 11500000, guid: 02141ace1abe1a54284e124c65a5e4dc, type: 3}
  m_Name: 
  m_EditorClassIdentifier: 
  BomberFisch_Dropcount: 0
  JumpyFisch_Dropcount: 0
  BossFetti_Dropcount: 0
  ZappyFisch_Dropcount: 0
  HomingFisch_Dropcount: 0
  ExtraItem_Dropcount: 0
  BomberfischItem: {fileID: 0}
  JumpyfischItem: {fileID: 0}
  BossFettiItem: {fileID: 0}
  ZappyfischItem: {fileID: 0}
  HomingFischItem: {fileID: 0}
  ExtraItem: {fileID: 0}
  dropable: 0
  dropPoint: {fileID: 0}
--- !u!114 &114327703998630480
MonoBehaviour:
  m_ObjectHideFlags: 1
  m_CorrespondingSourceObject: {fileID: 0}
  m_PrefabInternal: {fileID: 100100000}
  m_GameObject: {fileID: 1645601900428352}
  m_Enabled: 1
  m_EditorHideFlags: 0
  m_Script: {fileID: 11500000, guid: 77a436463b3af2545a667be57b729d3f, type: 3}
  m_Name: 
  m_EditorClassIdentifier: 
  lootDropper: {fileID: 114205297353563882}
  Bomberfisch_Chances: 0
  Jumpyfisch_Chances: 0
  Boss_Fetti_Chances: 0
  ZappyFisch_Chances: 0
  HomingFisch_Chances: 0
  ExtraItem_Chances: 0
--- !u!114 &114410052376978748
MonoBehaviour:
  m_ObjectHideFlags: 1
  m_CorrespondingSourceObject: {fileID: 0}
  m_PrefabInternal: {fileID: 100100000}
  m_GameObject: {fileID: 1378436237577494}
  m_Enabled: 1
  m_EditorHideFlags: 0
  m_Script: {fileID: 11500000, guid: 27465af91ba1ecd4a95bb371b6f1b5fe, type: 3}
  m_Name: 
  m_EditorClassIdentifier: 
  pooledObject: {fileID: 1842356720459064, guid: e7ccdd075b8312241a84efa3d19e3d53,
    type: 2}
  pooledAmount: 10
  willGrow: 1
--- !u!114 &114444540101329662
MonoBehaviour:
  m_ObjectHideFlags: 1
  m_CorrespondingSourceObject: {fileID: 0}
  m_PrefabInternal: {fileID: 100100000}
  m_GameObject: {fileID: 1743230844598910}
  m_Enabled: 1
  m_EditorHideFlags: 0
  m_Script: {fileID: 11500000, guid: 03747491c7b694443ab8719a3d2dec5e, type: 3}
  m_Name: 
  m_EditorClassIdentifier: 
  pooledObject: {fileID: 1375112713517142, guid: f77f965dc7005924eacb3e744cbdc60a,
    type: 2}
  pooledAmount: 10
  willGrow: 0
--- !u!114 &114530556057448018
MonoBehaviour:
  m_ObjectHideFlags: 1
  m_CorrespondingSourceObject: {fileID: 0}
  m_PrefabInternal: {fileID: 100100000}
  m_GameObject: {fileID: 1613390269298792}
  m_Enabled: 1
  m_EditorHideFlags: 0
  m_Script: {fileID: 11500000, guid: 2b901517449fc1148a083d61a463f184, type: 3}
  m_Name: 
  m_EditorClassIdentifier: 
  pooledObject: {fileID: 1221789634636026, guid: aade4e91d2990db4c86b9b8a907a90dc,
    type: 2}
  pooledAmount: 10
  willGrow: 0
--- !u!114 &114705093078289294
MonoBehaviour:
  m_ObjectHideFlags: 1
  m_CorrespondingSourceObject: {fileID: 0}
  m_PrefabInternal: {fileID: 100100000}
  m_GameObject: {fileID: 1267215680068130}
  m_Enabled: 1
  m_EditorHideFlags: 0
  m_Script: {fileID: 11500000, guid: e1bc4f8c43dbba44ea37aefb323b481f, type: 3}
  m_Name: 
  m_EditorClassIdentifier: 
  pooledObject: {fileID: 1455097923508250, guid: 2ab412dc23db73943b026c516a173b8b,
    type: 2}
  pooledAmount: 20
  willGrow: 0
  pooledObjects: []
